<record><leader>00000cas a22000007a 4500</leader><controlfield tag="001">12895553</controlfield><controlfield tag="008">851211d19321933pauwr ne      0    0eng d</controlfield><datafield ind1=" " ind2=" " tag="010"><subfield code="a">sn 85053362 </subfield></datafield><datafield ind1=" " ind2=" " tag="040"><subfield code="a">MTL</subfield><subfield code="b">eng</subfield><subfield code="c">MTL</subfield><subfield code="d">OCLCQ</subfield></datafield><datafield ind1=" " ind2=" " tag="042"><subfield code="a">msc</subfield></datafield><datafield ind1="0" ind2=" " tag="130"><subfield code="a">Organized farmer (Dublin, Pa. : 1932)</subfield></datafield><datafield ind1="1" ind2="4" tag="245"><subfield code="a">The Organized farmer.</subfield></datafield><datafield ind1=" " ind2=" " tag="260"><subfield code="a">Dublin, Pa. :</subfield><subfield code="b">Pennsylvania Farmers Protective Association</subfield></datafield><datafield ind1=" " ind2=" " tag="300"><subfield code="a">v.</subfield></datafield><datafield ind1=" " ind2=" " tag="310"><subfield code="a">Weekly</subfield></datafield><datafield ind1=" " ind2=" " tag="500"><subfield code="a">Editor: Alfred Miller.</subfield></datafield><datafield ind1=" " ind2=" " tag="550"><subfield code="a">Official organ: Pennsylvania Farmers' Protective Association, &lt;Aug. 27&gt;-Nov. 5, 1932; United Farmers' Protective Association, Nov. 12, 1932-&lt;June 10, 1933&gt;.</subfield></datafield><datafield ind1=" " ind2=" " tag="588"><subfield code="a">Description based on: Vol. 1, no. 2 (Aug. 27, 1932).</subfield></datafield><datafield ind1=" " ind2=" " tag="752"><subfield code="a">United States</subfield><subfield code="b">Pennsylvania</subfield><subfield code="c">Bucks</subfield><subfield code="d">Dublin.</subfield></datafield><datafield ind1="0" ind2="4" tag="785"><subfield code="t">Farmers national weekly (Washington, D.C. : 1933)</subfield><subfield code="g">July 25, 1933</subfield><subfield code="w">(DLC)sn 85053359</subfield></datafield><datafield ind1="1" ind2=" " tag="029"><subfield code="a">AU@</subfield><subfield code="b">000025793697</subfield></datafield></record>